@INPROCEEDINGS{r0,
 author = {Xia Ning and George  Karypis},
 title = {SLIM: Sparse Linear Methods for Top-N Recommender Systems},
 year = {2011},
 booktitle = {ICDM'11. To appear in ICDM, Dec}
} 

@inproceedings{r1,
 author = {Gantner, Zeno and Drumond, Lucas and Freudenthaler, Christoph and Rendle, Steffen and Schmidt-Thie Lars},
 title = {Learning Attribute-to-Feature Mappings for Cold-Start Recommendations},
 booktitle = {Proceedings of the 2010 IEEE International Conference on Data Mining},
 series = {ICDM '10},
 year = {2010},
 pages = {176--185},
 publisher = {IEEE Computer Society},
 address = {Washington, DC, USA},
 } 
 
 @inproceedings{agarwal09,
 author = {Agarwal, Deepak and Chen, Bee-Chung},
 title = {Regression-based latent factor models},
 booktitle = {Proceedings of the 15th ACM SIGKDD international conference on Knowledge discovery and data mining},
 series = {KDD '09},
 year = {2009},
 pages = {19--28},
 publisher = {ACM},
 } 
 
 
 @article{rendle12libfm,
	author = {Rendle, Steffen},
	title = {Factorization Machines with {libFM}},
	journal = {ACM Trans. Intell. Syst. Technol.},
	issue_date = {May 2012},
	volume = {3},
	number = {3},
	month = May,
	year = {2012},
	issn = {2157-6904},
	pages = {57:1--57:22},
	articleno = {57},
	numpages = {22},
	publisher = {ACM},
	address = {New York, NY, USA},
}

@inproceedings{r4,
 author = {Koren, Yehuda},
 title = {Factorization meets the neighborhood: a multifaceted collaborative filtering model},
 booktitle = {Proceedings of the 14th ACM SIGKDD international conference on Knowledge discovery and data mining},
 series = {KDD '08},
 year = {2008},
 isbn = {978-1-60558-193-4},
 location = {Las Vegas, Nevada, USA},
 pages = {426--434},
 numpages = {9},
 url = {http://doi.acm.org/10.1145/1401890.1401944},
 doi = {10.1145/1401890.1401944},
 acmid = {1401944},
 publisher = {ACM},
 address = {New York, NY, USA},
 keywords = {collaborative filtering, recommender systems},
} 

@inproceedings{r5,
 author = {Wang, Chong and Blei, David M.},
 title = {Collaborative topic modeling for recommending scientific articles},
 booktitle = {Proceedings of the 17th ACM SIGKDD international conference on Knowledge discovery and data mining},
 series = {KDD '11},
 year = {2011},
 isbn = {978-1-4503-0813-7},
 location = {San Diego, California, USA},
 pages = {448--456},
 numpages = {9},
 url = {http://doi.acm.org/10.1145/2020408.2020480},
 doi = {10.1145/2020408.2020480},
 acmid = {2020480},
 publisher = {ACM},
 address = {New York, NY, USA},
 keywords = {collaborative filtering, latent structure interpretation, scientific article recommendation, topic modeling},
} 

@inproceedings{r6,
 author = {Rendle, Steffen and Freudenthaler, Christoph and Gantner, Zeno and Schmidt-Thieme, Lars},
 title = {BPR: Bayesian personalized ranking from implicit feedback},
 booktitle = {Proceedings of the Twenty-Fifth Conference on Uncertainty in Artificial Intelligence},
 series = {UAI '09},
 year = {2009},
 isbn = {978-0-9749039-5-8},
 location = {Montreal, Quebec, Canada},
 pages = {452--461},
 numpages = {10},
 url = {http://dl.acm.org/citation.cfm?id=1795114.1795167},
 acmid = {1795167},
 publisher = {AUAI Press},
 address = {Arlington, Virginia, United States},
} 

@misc{r7,
title = {BCLS: Bound Constraint Least Squares Optimization Library},
author = {Michael P. Friedlander-Department of Computer Science-University of British Columbia },
url = {http://www.cs.ubc.ca/~mpf/bcls/},
}

@inproceedings{r8,
 author = {Katz, Gilad and Ofek, Nir and Shapira, Bracha and Rokach, Lior and Shani, Guy},
 title = {Using Wikipedia to boost collaborative filtering techniques},
 booktitle = {Proceedings of the fifth ACM conference on Recommender systems},
 series = {RecSys '11},
 year = {2011},
 isbn = {978-1-4503-0683-6},
 location = {Chicago, Illinois, USA},
 pages = {285--288},
 numpages = {4},
 url = {http://doi.acm.org/10.1145/2043932.2043984},
 doi = {10.1145/2043932.2043984},
 acmid = {2043984},
 publisher = {ACM},
 address = {New York, NY, USA},
 keywords = {Wikipedia, cold start problem, collaborative filtering, recommender systems},
} 

@inproceedings{r9,
 author = {Park, Seung-Taek and Chu, Wei},
 title = {Pairwise preference regression for cold-start recommendation},
 booktitle = {Proceedings of the third ACM conference on Recommender systems},
 series = {RecSys '09},
 year = {2009},
 isbn = {978-1-60558-435-5},
 location = {New York, New York, USA},
 pages = {21--28},
 numpages = {8},
 url = {http://doi.acm.org/10.1145/1639714.1639720},
 doi = {10.1145/1639714.1639720},
 acmid = {1639720},
 publisher = {ACM},
 address = {New York, NY, USA},
 keywords = {cold-start problems, normalized discounted cumulative gain, ranking, recommender system, user and item features},
}

@inproceedings{r10,
 author = {Zhang, Liang and Agarwal, Deepak and Chen, Bee-Chung},
 title = {Generalizing matrix factorization through flexible regression priors},
 booktitle = {Proceedings of the fifth ACM conference on Recommender systems},
 series = {RecSys '11},
 year = {2011},
 isbn = {978-1-4503-0683-6},
 location = {Chicago, Illinois, USA},
 pages = {13--20},
 numpages = {8},
 url = {http://doi.acm.org/10.1145/2043932.2043940},
 doi = {10.1145/2043932.2043940},
 acmid = {2043940},
 publisher = {ACM},
 address = {New York, NY, USA},
 keywords = {latent factor, matrix factorization, recommender systems, regression priors, tree models},
}

@inproceedings{r11,
 author = {Zhang, Lanbo and Zhang, Yi},
 title = {Discriminative factored prior models for personalized content-based recommendation},
 booktitle = {Proceedings of the 19th ACM international conference on Information and knowledge management},
 series = {CIKM '10},
 year = {2010},
 isbn = {978-1-4503-0099-5},
 location = {Toronto, ON, Canada},
 pages = {1569--1572},
 numpages = {4},
 url = {http://doi.acm.org/10.1145/1871437.1871674},
 doi = {10.1145/1871437.1871674},
 acmid = {1871674},
 publisher = {ACM},
 address = {New York, NY, USA},
 keywords = {bayesian hierarchical model, content-based filtering, factorization, information filtering, personalized recommendation, recommender system},
} 

@inproceedings{r12,
 author = {Golbandi, Nadav and Koren, Yehuda and Lempel, Ronny},
 title = {Adaptive bootstrapping of recommender systems using decision trees},
 booktitle = {Proceedings of the fourth ACM international conference on Web search and data mining},
 series = {WSDM '11},
 year = {2011},
 isbn = {978-1-4503-0493-1},
 location = {Hong Kong, China},
 pages = {595--604},
 numpages = {10},
 url = {http://doi.acm.org/10.1145/1935826.1935910},
 doi = {10.1145/1935826.1935910},
 acmid = {1935910},
 publisher = {ACM},
 address = {New York, NY, USA},
 keywords = {collaborative filtering, decision tree, new user, recommender systems, user cold start},
} 


@inproceedings{r13,
 author = {Hu, Rong and Pu, Pearl},
 title = {Enhancing collaborative filtering systems with personality information},
 booktitle = {Proceedings of the fifth ACM conference on Recommender systems},
 series = {RecSys '11},
 year = {2011},
 isbn = {978-1-4503-0683-6},
 location = {Chicago, Illinois, USA},
 pages = {197--204},
 numpages = {8},
 url = {http://doi.acm.org/10.1145/2043932.2043969},
 doi = {10.1145/2043932.2043969},
 acmid = {2043969},
 publisher = {ACM},
 address = {New York, NY, USA},
 keywords = {cold start, collaborative filtering, personality, recommender system, user similarity},
} 

@inproceedings{r14,
 author = {Ning, Xia and Karypis, George},
 title = {Sparse linear methods with side information for top-n recommendations},
 booktitle = {Proceedings of the sixth ACM conference on Recommender systems},
 series = {RecSys '12},
 year = {2012},
 isbn = {978-1-4503-1270-7},
 location = {Dublin, Ireland},
 pages = {155--162},
 numpages = {8},
 url = {http://doi.acm.org/10.1145/2365952.2365983},
 doi = {10.1145/2365952.2365983},
 acmid = {2365983},
 publisher = {ACM},
 address = {New York, NY, USA},
 keywords = {recommender system, side information, sparse linear methods},
} 

@inproceedings{r15,
 author = {Nguyen, An-Te and Denos, Nathalie and Berrut, Catherine},
 title = {Improving new user recommendations with rule-based induction on cold user data},
 booktitle = {Proceedings of the 2007 ACM conference on Recommender systems},
 series = {RecSys '07},
 year = {2007},
 isbn = {978-1-59593-730--8},
 location = {Minneapolis, MN, USA},
 pages = {121--128},
 numpages = {8},
 url = {http://doi.acm.org/10.1145/1297231.1297251},
 doi = {10.1145/1297231.1297251},
 acmid = {1297251},
 publisher = {ACM},
 address = {New York, NY, USA},
 keywords = {cold start problem, cold user data, collaborative filtering, new-user problem, recommender systems, rule-based induction},
}

@inproceedings{r16,
 author = {Jones, Clinton and Ghosh, Joydeep and Sharma, Aayush},
 title = {Learning multiple models for exploiting predictive heterogeneity in recommender systems},
 booktitle = {Proceedings of the 2nd International Workshop on Information Heterogeneity and Fusion in Recommender Systems},
 series = {HetRec '11},
 year = {2011},
 isbn = {978-1-4503-1027-7},
 location = {Chicago, Illinois},
 pages = {17--24},
 numpages = {8},
 url = {http://doi.acm.org/10.1145/2039320.2039323},
 doi = {10.1145/2039320.2039323},
 acmid = {2039323},
 publisher = {ACM},
 address = {New York, NY, USA},
}

@inproceedings{cantador11,
      author = {Cantador, Iv\'{a}n and Brusilovsky, Peter and Kuflik, Tsvi},
      title = {2nd Workshop on Information Heterogeneity and Fusion in Recommender Systems (HetRec 2011)},
      booktitle = {Proceedings of the 5th ACM conference on Recommender systems},
      series = {RecSys 2011},
      year = {2011},
      location = {Chicago, IL, USA},
      publisher = {ACM},
      address = {New York, NY, USA},
      keywords = {information heterogeneity, information integration, recommender systems},
} 

@inproceedings{r18,
 author = {Gunawardana, Asela and Meek, Christopher},
 title = {Tied boltzmann machines for cold start recommendations},
 booktitle = {Proceedings of the 2008 ACM conference on Recommender systems},
 series = {RecSys '08},
 year = {2008},
 isbn = {978-1-60558-093-7},
 location = {Lausanne, Switzerland},
 pages = {19--26},
 numpages = {8},
 url = {http://doi.acm.org/10.1145/1454008.1454013},
 doi = {10.1145/1454008.1454013},
 acmid = {1454013},
 publisher = {ACM},
 address = {New York, NY, USA},
 keywords = {boltzmann machines, cold start, collaborative filtering, content-based filtering, recommender systems},
}

@inproceedings{r19,
  author    = {Asela Gunawardana and Christopher Meek},
  title     = {A unified approach to building hybrid recommender systems},
  booktitle = {RecSys},
  year      = {2009},
  pages     = {117-124},
  isbn      = {978-1-60558-435-5},
}

@inproceedings{r20,
 author = {Zhang, Yi and Koren, Jonathan},
 title = {Efficient bayesian hierarchical user modeling for recommendation system},
 booktitle = {Proceedings of the 30th annual international ACM SIGIR conference on Research and development in information retrieval},
 series = {SIGIR '07},
 year = {2007},
 isbn = {978-1-59593-597-7},
 pages = {47--54},
 numpages = {8},
 acmid = {1277752},
 } 
 
 @inproceedings{r21,
 author = {Han, Eui-Hong (Sam) and Karypis, George},
 title = {Feature-based recommendation system},
 booktitle = {Proceedings of the 14th ACM international conference on Information and knowledge management},
 series = {CIKM '05},
 year = {2005},
 isbn = {1-59593-140-6},
 location = {Bremen, Germany},
 pages = {446--452},
 numpages = {7},
 url = {http://doi.acm.org/10.1145/1099554.1099683},
 doi = {10.1145/1099554.1099683},
 acmid = {1099683},
 publisher = {ACM},
 address = {New York, NY, USA},
 keywords = {collaborative filtering, e-commerce, product features, recommender systems, web retailer},
}

@incollection{r22,
author = {Bottou, L\'{e}on},
title = {Online Algorithms and Stochastic Approximations},
booktitle = {Online Learning and Neural Networks},
editor = {Saad, David},
publisher = {Cambridge University Press},
address = {Cambridge, UK},
year = {1998},
url = {http://leon.bottou.org/papers/bottou-98x},
}

@inproceedings{r23,
 author = {Billsus, Daniel and Pazzani, Michael J.},
 title = {A hybrid user model for news story classification},
 booktitle = {Proceedings of the seventh international conference on User modeling},
 year = {1999},
 pages = {99--108},
 numpages = {10},
}

@inproceedings{r24,
 author = {Rodr\'{\i}guez, Manuel de Buenaga and L\'{o}pez, Manuel J. Ma\~{n}a and Esteban, Alberto D\'{\i}az and G\'{o}mez-Navarro, Pablo Gerv\'{a}s},
 title = {A User Model Based on Content Analysis for the Intelligent Personalization of a News Service},
 booktitle = {Proceedings of the 8th International Conference on User Modeling 2001},
 series = {UM '01},
 year = {2001},
 isbn = {3-540-42325-7},
 pages = {216--218},
 numpages = {3},
 url = {http://dl.acm.org/citation.cfm?id=647664.733412},
 acmid = {733412},
 publisher = {Springer-Verlag},
 address = {London, UK, UK},
}

@inproceedings{r25,
 author = {Schwab, Ingo and Pohl, Wolfgang and Koychev, Ivan},
 title = {Learning to recommend from positive evidence},
 booktitle = {Proceedings of the 5th international conference on Intelligent user interfaces},
 series = {IUI '00},
 year = {2000},
 isbn = {1-58113-134-8},
 location = {New Orleans, Louisiana, USA},
 pages = {241--247},
 numpages = {7},
 url = {http://doi.acm.org/10.1145/325737.325858},
 doi = {10.1145/325737.325858},
 acmid = {325858},
 publisher = {ACM},
 address = {New York, NY, USA},
 keywords = {adaptive recommendation interfaces, evaluation of methods, machine learning, user modeling},
} 

@inproceedings{r26,
 author = {Banos, E. and Katakis, I. and Bassiliades, N. and Tsoumakas, G. and Vlahavas, I.},
 title = {PersoNews: a personalized news reader enhanced by machine learning and semantic filtering},
 booktitle = {Proceedings of the 2006 Confederated international conference on On the Move to Meaningful Internet Systems: CoopIS, DOA, GADA, and ODBASE - Volume Part I},
 series = {ODBASE'06/OTM'06},
 year = {2006},
 isbn = {3-540-48287-3, 978-3-540-48287-1},
 location = {Montpellier, France},
 pages = {975--982},
 numpages = {8},
 url = {http://dx.doi.org/10.1007/11914853_62},
 doi = {10.1007/11914853_62},
 acmid = {2149800},
 publisher = {Springer-Verlag},
 address = {Berlin, Heidelberg},
}

@inproceedings{r27,
      author = {Cantador, Iv\'{a}n and Brusilovsky, Peter and Kuflik, Tsvi},
      title = {2nd Workshop on Information Heterogeneity and Fusion in Recommender Systems (HetRec 2011)},
      booktitle = {Proceedings of the 5th ACM conference on Recommender systems},
      series = {RecSys 2011},
      year = {2011},
      location = {Chicago, IL, USA},
}

@inproceedings{r28,
 author = {Yih, Wen-tau},
 title = {Learning Term-weighting Functions for Similarity Measures},
 booktitle = {Proceedings of the 2009 Conference on Empirical Methods in Natural Language Processing: Volume 2 - Volume 2},
 series = {EMNLP '09},
 year = {2009},
} 

@inproceedings{r29,
   author = {Ahmed, Amr and Kanagal, Bhargav and Pandey, Sandeep and Josifovski, Vanja and Pueyo, Lluis Garcia and Yuan, Jeffrey},
  booktitle = {WSDM},
  pages = {385-394},
  publisher = {ACM},
  title = {Latent factor models with additive and hierarchically-smoothed user preferences.},
  year = 2013
}


@inproceedings{r30,
 author = {Sarwar, Badrul and Karypis, George and Konstan, Joseph and Riedl, John},
 title = {Item-based Collaborative Filtering Recommendation Algorithms},
 booktitle = {Proceedings of the 10th International Conference on World Wide Web},
 series = {WWW '01},
 year = {2001},
 numpages = {11},
 publisher = {ACM},
 address = {New York, NY, USA},
}  

@inproceedings{ziegler05www,
 author = {Ziegler, Cai-Nicolas and McNee, Sean M. and Konstan, Joseph A. and Lausen, Georg},
 title = {Improving Recommendation Lists Through Topic Diversification},
 booktitle = {Proceedings of the 14th International Conference on World Wide Web},
 series = {WWW '05},
 year = {2005},
 location = {Chiba, Japan},
 pages = {22--32},
 numpages = {11},
 publisher = {ACM},
 address = {New York, NY, USA},
}

@inproceedings{r32,
 author = {Kabbur, Santosh and Ning, Xia and Karypis, George},
 title = {FISM: Factored Item Similarity Models for top-N Recommender Systems},
 booktitle = {Proceedings of the 19th ACM SIGKDD International Conference on Knowledge Discovery and Data Mining},
 series = {KDD '13},
 year = {2013},
 location = {Chicago, Illinois, USA},
 pages = {659--667},
 numpages = {9},
 publisher = {ACM},
}

@inproceedings{chu09www,
 author = {Chu, Wei and Park, Seung-Taek},
 title = {Personalized Recommendation on Dynamic Content Using Predictive Bilinear Models},
 booktitle = {Proceedings of the 18th International Conference on World Wide Web},
 series = {WWW '09},
 year = {2009},
 isbn = {978-1-60558-487-4},
 location = {Madrid, Spain},
 pages = {691--700},
 numpages = {10},
 url = {http://doi.acm.org/10.1145/1526709.1526802},
 doi = {10.1145/1526709.1526802},
 acmid = {1526802},
 publisher = {ACM},
 address = {New York, NY, USA},
 keywords = {bilinear models, dynamic features, personalization, ranking, recommender systems, regression, user and content profile},
} 
 
@article{r34,
  author = {Coppi, R. and Bolasco, S.},
  title = {Multiway Data Analysis},
	journal = {Biometric Journal},
	issue_date = {1989},
	year = {1989},
	isbn = {0 444 87410 0},
	volume = {33},
  url = {http://dx.doi.org/10.1002/bimj.4710330518},
  doi = {10.1002/bimj.4710330518},
	publisher = {WILEY-VCH Verlag},
	address = {Amsterdam, The Netherlands},
}

@article{r35,
  author = {Tenenbaum, Joshua B. and Freeman, William T.},
  title = {Separating Style and Content with Bilinear Models},
  journal = {Neural Comput.},
  issue_date = {June 2000},
  volume = {12},
  number = {6},
  month = jun,
  year = {2000},
  issn = {0899-7667},
  pages = {1247--1283},
  numpages = {37},
  url = {http://dx.doi.org/10.1162/089976600300015349},
  doi = {10.1162/089976600300015349},
  acmid = {1121518},
  publisher = {MIT Press},
  address = {Cambridge, MA, USA},
}

@inproceedings{r36,
  author    = {Wei Chu and Zoubin Ghahramani},
  title     = {Probabilistic Models for Incomplete Multi-dimensional Arrays},
  booktitle = {Proceedings of the Twelfth International Conference on Artificial Intelligence and Statistics, {AISTATS} 2009, Clearwater Beach, Florida, USA, April 16-18, 2009},
  year      = {2009},
  pages     = {89--96},
  crossref  = {DBLP:conf/aistats/2009},
  url       = {http://www.jmlr.org/proceedings/papers/v5/chu09a.html},
  timestamp = {Mon, 29 Sep 2014 02:11:07 +0200},
  biburl    = {http://dblp.uni-trier.de/rec/bib/journals/jmlr/ChuG09},
  bibsource = {dblp computer science bibliography, http://dblp.org}
}

@article{r37,
  author = {Wu, Wei and Lu, Zhengdong and Li, Hang},
  title = {Learning Bilinear Model for Matching Queries and Documents},
  journal = {J. Mach. Learn. Res.},
  issue_date = {January 2013},
  volume = {14},
  number = {1},
  month = jan,
  year = {2013},
  issn = {1532-4435},
  pages = {2519--2548},
  numpages = {30},
  url = {http://dl.acm.org/citation.cfm?id=2567709.2567742},
  acmid = {2567742},
  publisher = {JMLR.org},
  keywords = {generalization analysis, partial least squares, regularized mapping to latent structures, web search},
} 

@inproceedings{r38,
  author = {Park, Seung-Taek and Chu, Wei},
  title = {Pairwise Preference Regression for Cold-start Recommendation},
  booktitle = {Proceedings of the Third ACM Conference on Recommender Systems},
  series = {RecSys '09},
  year = {2009},
  isbn = {978-1-60558-435-5},
  location = {New York, New York, USA},
  pages = {21--28},
  numpages = {8},
  url = {http://doi.acm.org/10.1145/1639714.1639720},
  doi = {10.1145/1639714.1639720},
  acmid = {1639720},
  publisher = {ACM},
  address = {New York, NY, USA},
  keywords = {cold-start problems, normalized discounted cumulative gain, ranking, recommender system, user and item features},
}

@inproceedings{r39,
  author = {Davis, Jason V. and Dhillon, Inderjit S.},
  title = {Structured Metric Learning for High Dimensional Problems},
  booktitle = {Proceedings of the 14th ACM SIGKDD International Conference on Knowledge Discovery and Data Mining},
  series = {KDD '08},
  year = {2008},
  isbn = {978-1-60558-193-4},
  location = {Las Vegas, Nevada, USA},
  pages = {195--203},
  numpages = {9},
  url = {http://doi.acm.org/10.1145/1401890.1401918},
  doi = {10.1145/1401890.1401918},
  acmid = {1401918},
  publisher = {ACM},
  address = {New York, NY, USA},
  keywords = {algorithms, experimentation},
} 

@article{r40,
  year={1966},
  issn={0033-3123},
  journal={Psychometrika},
  volume={31},
  number={3},
  doi={10.1007/BF02289464},
  title={Some mathematical notes on three-mode factor analysis},
  url={http://dx.doi.org/10.1007/BF02289464},
  publisher={Springer-Verlag},
  author={Tucker, LedyardR},
  pages={279-311},
  language={English}
}

@INPROCEEDINGS{r41,
 author = {Jimeng Sun and Dacheng Tao and Christos Faloutsos},
 title = {Beyond streams and graphs: Dynamic tensor analysis},
 booktitle = {In KDD},
 year = {2006},
 pages = {374--383}
}

@TECHREPORT{r42,
  AUTHOR        = {Asmaa Elbadrawy and George Karypis},
  TITLE         = {Feature-based Similarity Models for Top-n Recommendation of New Items},
  NUMBER        = {14-016},
  INSTITUTION   = {Department of Computer Science, University of Minnesota},
  ADDRESS       = {Minneapolis, Minnesota},
  MONTH         = {June},
  YEAR          = {2013},
  AUTHOR1_URL   = {http://www-users.cs.umn.edu/~asmaa},
  AUTHOR1_EMAIL = {asmaa@cs.umn.edu},
  URL           = {http://www.cs.umn.edu/research/technical_reports/view/14-016},
  CONTACT       = {asmaa@cs.umn.edu}
}


@article{elbadrawy2015,
    author = {Elbadrawy, Asmaa and Karypis, George},
     title = {User-Specific Feature-Based Similarity Models for Top-n
       Recommendation of New Items},
      journal = {ACM Trans. Intell. Syst. Technol.},
       issue_date = {May 2015},
        volume = {6},
         number = {3},
          month = apr,
           year = {2015},
            issn = {2157-6904},
             pages = {33:1--33:20},
              articleno = {33},
               numpages = {20},
                url = {http://doi.acm.org/10.1145/2700495},
                 doi = {10.1145/2700495},
                  acmid = {2700495},
                   publisher = {ACM},
                    address = {New York, NY, USA},
                     keywords = {Recommender systems, cold start, item content,
                       item features, item similarity, top-\<i\>n\</i\>},
} 



@inproceedings{r43,
 author = {Sharma, Mohit and Zhou, Jiayu and Hu, Junling and Karypis, George},
 title  = {Feature-based factorized Bilinear Similarity Model for Cold-Start
   Top-n Item Recommendation},
 booktitle = {SIAM International Conference on Data Mining, 2015.},
 series    = {SDM '15},
 year      = {2015},
 location  = {Vancouver, Canada},
 url       = {http://glaros.dtc.umn.edu/gkhome/fetch/papers/bilinear.pdf},
 keywords  = {bilinear models, personalization, ranking, recommender systems,
    regression, content profile, cold-start},
 CONTACT   = {sharm163@umn.edu}
}



@inproceedings{SarwarKarypis01,
 author = {Sarwar, Badrul and Karypis, George and Konstan, Joseph and Riedl, John},
 title = {Item-based Collaborative Filtering Recommendation Algorithms},
 booktitle = {Proceedings of the 10th International Conference on World Wide Web},
 series = {WWW '01},
 year = {2001},
 numpages = {11},
 publisher = {ACM},
 address = {New York, NY, USA},
}  

@inproceedings{CremonesiKoren10,
   author = {Cremonesi, Paolo and Koren, Yehuda and Turrin, Roberto},
   title = {Performance of Recommender Algorithms on Top-n Recommendation
      Tasks},
   booktitle = {Proceedings of the Fourth ACM Conference on Recommender
       Systems},
   series = {RecSys '10},
   year = {2010},
   isbn = {978-1-60558-906-0},
   location = {Barcelona, Spain},
   pages = {39--46},
   numpages = {8},
   url = {http://doi.acm.org/10.1145/1864708.1864721},
   doi = {10.1145/1864708.1864721},
   acmid = {1864721},
   publisher = {ACM},
   address = {New York, NY, USA},
   keywords = {evaluation, precision, recall, top-n recommendations},
} 

@Article{CandesRecht09,
author="Cand{\`e}s, Emmanuel J.
and Recht, Benjamin",
title="Exact Matrix Completion via Convex Optimization",
journal="Foundations of Computational Mathematics",
year="2009",
volume="9",
number="6",
pages="717--772",
abstract="We consider a problem of considerable practical interest: the recovery of a data matrix from a sampling of its entries. Suppose that we observe m entries selected uniformly at random from a matrix M. Can we complete the matrix and recover the entries that we have not seen?",
issn="1615-3383",
doi="10.1007/s10208-009-9045-5",
url="http://dx.doi.org/10.1007/s10208-009-9045-5"
}

@article{BenRecht2011,
   author = {Recht, Benjamin},
    title = {A Simpler Approach to Matrix Completion},
     journal = {J. Mach. Learn. Res.},
      issue_date = {2/1/2011},
       volume = {12},
        month = dec,
         year = {2011},
          issn = {1532-4435},
           pages = {3413--3430},
            numpages = {18},
             url = {http://dl.acm.org/citation.cfm?id=1953048.2185803},
              acmid = {2185803},
               publisher = {JMLR.org},
} 

@article{Keshavan09,
    author    = {Raghunandan H. Keshavan and
                     Sewoong Oh and
                                      Andrea Montanari},
      title     = {Matrix Completion from a Few Entries},
        journal   = {CoRR},
          volume    = {abs/0901.3150},
            year      = {2009},
              url       = {http://arxiv.org/abs/0901.3150},
                timestamp = {Mon, 05 Dec 2011 18:05:24 +0100},
                  biburl    =
                  {http://dblp.uni-trier.de/rec/bib/journals/corr/abs-0901-3150},
                    bibsource = {dblp computer science bibliography,
                      http://dblp.org}
}

@article{Gross09,
    author    = {David Gross},
      title     = {Recovering low-rank matrices from few coefficients in any
        basis},
        journal   = {CoRR},
          volume    = {abs/0910.1879},
            year      = {2009},
              url       = {http://arxiv.org/abs/0910.1879},
                timestamp = {Mon, 05 Dec 2011 18:05:24 +0100},
                  biburl    =
                  {http://dblp.uni-trier.de/rec/bib/journals/corr/abs-0910-1879},
                    bibsource = {dblp computer science bibliography,
                      http://dblp.org}
}

@inproceedings{JainSanghavi13,
   author = {Jain, Prateek and Netrapalli, Praneeth and Sanghavi, Sujay},
    title = {Low-rank Matrix Completion Using Alternating Minimization},
     booktitle = {Proceedings of the Forty-fifth Annual ACM Symposium on Theory
       of Computing},
      series = {STOC '13},
       year = {2013},
        isbn = {978-1-4503-2029-0},
         location = {Palo Alto, California, USA},
          pages = {665--674},
           numpages = {10},
            url = {http://doi.acm.org/10.1145/2488608.2488693},
             doi = {10.1145/2488608.2488693},
              acmid = {2488693},
               publisher = {ACM},
                address = {New York, NY, USA},
                 keywords = {alternating minimization, matrix completion, matrix
                   sensing},
} 

@article{Negahban10,
    author    = {Sahand Negahban and
                     Martin J. Wainwright},
      title     = {Restricted strong convexity and weighted matrix completion:
        Optimal
                         bounds with noise},
        journal   = {CoRR},
          volume    = {abs/1009.2118},
            year      = {2010},
              url       = {http://arxiv.org/abs/1009.2118},
                timestamp = {Mon, 05 Dec 2011 18:05:25 +0100},
                  biburl    =
                  {http://dblp.uni-trier.de/rec/bib/journals/corr/abs-1009-2118},
                    bibsource = {dblp computer science bibliography,
                      http://dblp.org}
}

@article{Koren2009,
   author = {Koren, Yehuda and Bell, Robert and Volinsky, Chris},
    title = {Matrix Factorization Techniques for Recommender Systems},
     journal = {Computer},
      issue_date = {August 2009},
       volume = {42},
        number = {8},
         month = aug,
          year = {2009},
           issn = {0018-9162},
            pages = {30--37},
             numpages = {8},
              url = {http://dx.doi.org/10.1109/MC.2009.263},
               doi = {10.1109/MC.2009.263},
                acmid = {1608614},
                 publisher = {IEEE Computer Society Press},
                  address = {Los Alamitos, CA, USA},
                   keywords = {Computational intelligence, Computational
                     intelligence, Netflix Prize, Matrix factorization, Matrix
                       factorization, Netflix Prize},
} 

@article{CandesTao2010,
   author = {Cand\`{e}s, Emmanuel J. and Tao, Terence},
    title = {The Power of Convex Relaxation: Near-optimal Matrix Completion},
     journal = {IEEE Trans. Inf. Theor.},
      issue_date = {May 2010},
       volume = {56},
        number = {5},
         month = may,
          year = {2010},
           issn = {0018-9448},
            pages = {2053--2080},
             numpages = {28},
              url = {http://dx.doi.org/10.1109/TIT.2010.2044061},
               doi = {10.1109/TIT.2010.2044061},
                acmid = {1823678},
                 publisher = {IEEE Press},
                  address = {Piscataway, NJ, USA},
                   keywords = {Duality in optimization, duality in optimization,
                     free probability, low-rank matrices, matrix completion,
                     nuclear norm minimization, random matrices and techniques
                       from random matrix theory, semidefinite programming},
} 

@inproceedings{koren2008factorization,
    title={Factorization meets the neighborhood: a multifaceted collaborative
      filtering model},
      author={Koren, Yehuda},
        booktitle={Proceedings of the 14th ACM SIGKDD international conference
          on Knowledge discovery and data mining},
          pages={426--434},
            year={2008},
              organization={ACM}
}

@article{koren2010collaborative,
    title={Collaborative filtering with temporal dynamics},
      author={Koren, Yehuda},
        journal={Communications of the ACM},
          volume={53},
            number={4},
              pages={89--97},
                year={2010},
                  publisher={ACM}
}

@inproceedings{hu2008collaborative,
    title={Collaborative filtering for implicit feedback datasets},
      author={Hu, Yifan and Koren, Yehuda and Volinsky, Chris},
        booktitle={2008 Eighth IEEE International Conference on Data Mining},
          pages={263--272},
            year={2008},
              organization={Ieee}
}

@incollection{bottou2010large,
    title={Large-scale machine learning with stochastic gradient descent},
      author={Bottou, L{\'e}on},
        booktitle={Proceedings of COMPSTAT'2010},
          pages={177--186},
            year={2010},
              publisher={Springer}
}


@inproceedings{Steck2010MNAR,
   author = {Steck, Harald},
    title = {Training and Testing of Recommender Systems on Data Missing Not at
      Random},
     booktitle = {Proceedings of the 16th ACM SIGKDD International Conference on
       Knowledge Discovery and Data Mining},
      series = {KDD '10},
       year = {2010},
        isbn = {978-1-4503-0055-1},
         location = {Washington, DC, USA},
          pages = {713--722},
           numpages = {10},
            url = {http://doi.acm.org/10.1145/1835804.1835895},
             doi = {10.1145/1835804.1835895},
              acmid = {1835895},
               publisher = {ACM},
                address = {New York, NY, USA},
                 keywords = {recommender systems},
}


@inproceedings{Steck2013EvalRec,
   author = {Steck, Harald},
    title = {Evaluation of Recommendations: Rating-prediction and Ranking},
     booktitle = {Proceedings of the 7th ACM Conference on Recommender Systems},
      series = {RecSys '13},
       year = {2013},
        isbn = {978-1-4503-2409-0},
         location = {Hong Kong, China},
          pages = {213--220},
           numpages = {8},
            url = {http://doi.acm.org/10.1145/2507157.2507160},
             doi = {10.1145/2507157.2507160},
              acmid = {2507160},
               publisher = {ACM},
                address = {New York, NY, USA},
                 keywords = {ranking, rating prediction, recommender systems,
                   selection bias},
} 


@inproceedings{KimRecsys2014,
   author = {Kim, Yong-Deok and Choi, Seungjin},
    title = {Bayesian Binomial Mixture Model for Collaborative Prediction with
      Non-random Missing Data},
     booktitle = {Proceedings of the 8th ACM Conference on Recommender Systems},
      series = {RecSys '14},
       year = {2014},
        isbn = {978-1-4503-2668-1},
         location = {Foster City, Silicon Valley, California, USA},
          pages = {201--208},
           numpages = {8},
            url = {http://doi.acm.org/10.1145/2645710.2645754},
             doi = {10.1145/2645710.2645754},
              acmid = {2645754},
               publisher = {ACM},
                address = {New York, NY, USA},
                 keywords = {collaborative filtering, non-random missing data,
                   probabilistic models, recommender systems, variational
                     bayesian inference},
} 


@inproceedings{lim2015top,
    title={Top-n recommendation with missing implicit feedback},
      author={Lim, Daryl and McAuley, Julian and Lanckriet, Gert},
        booktitle={Proceedings of the 9th ACM Conference on Recommender
          Systems},
          pages={309--312},
            year={2015},
              organization={ACM}
}

@article{marlin2012collaborative,
    title={Collaborative filtering and the missing at random assumption},
      author={Marlin, Benjamin and Zemel, Richard S and Roweis, Sam and Slaney,
        Malcolm},
        journal={arXiv preprint arXiv:1206.5267},
          year={2012}
}


@inproceedings{pan2008one,
    title={One-class collaborative filtering},
      author={Pan, Rong and Zhou, Yunhong and Cao, Bin and Liu, Nathan N and
        Lukose, Rajan and Scholz, Martin and Yang, Qiang},
        booktitle={Data Mining, 2008. ICDM'08. Eighth IEEE International
          Conference on},
          pages={502--511},
            year={2008},
              organization={IEEE}
}


@inproceedings{hernandez2014probabilistic,
    title={Probabilistic matrix factorization with non-random missing data},
      author={Hern{\'a}ndez-Lobato, Jos{\'e} Miguel and Houlsby, Neil and
        Ghahramani, Zoubin},
        booktitle={International Conference on Machine Learning},
          pages={1512--1520},
            year={2014}
}

@article{srivastava2014dropout,
    title={Dropout: a simple way to prevent neural networks from overfitting.},
      author={Srivastava, Nitish and Hinton, Geoffrey E and Krizhevsky, Alex and
        Sutskever, Ilya and Salakhutdinov, Ruslan},
        journal={Journal of Machine Learning Research},
          volume={15},
            number={1},
              pages={1929--1958},
                year={2014}
}


@inproceedings{konstan03ml,
   author = {Miller, Bradley N. and Albert, Istvan and Lam, Shyong K. and
     Konstan, Joseph A. and Riedl, John},
    title = {MovieLens Unplugged: Experiences with an Occasionally Connected
      Recommender System},
     booktitle = {Proceedings of the 8th International Conference on Intelligent
       User Interfaces},
      series = {IUI '03},
       year = {2003},
        isbn = {1-58113-586-6},
         location = {Miami, Florida, USA},
          pages = {263--266},
           numpages = {4},
            url = {http://doi.acm.org/10.1145/604045.604094},
             doi = {10.1145/604045.604094},
              acmid = {604094},
               publisher = {ACM},
                address = {New York, NY, USA},
                 keywords = {collaborative filtering, mobile device, recommender
                   systems, user interface},
} 

@inproceedings{shi2012climf,
    title={CLiMF: learning to maximize reciprocal rank with collaborative
      less-is-more filtering},
      author={Shi, Yue and Karatzoglou, Alexandros and Baltrunas, Linas and
        Larson, Martha and Oliver, Nuria and Hanjalic, Alan},
        booktitle={Proceedings of the sixth ACM conference on Recommender
          systems},
          pages={139--146},
            year={2012},
              organization={ACM}
}

@inproceedings{rendle2009bpr,
    title={BPR: Bayesian personalized ranking from implicit feedback},
      author={Rendle, Steffen and Freudenthaler, Christoph and Gantner, Zeno and
        Schmidt-Thieme, Lars},
        booktitle={Proceedings of the twenty-fifth conference on uncertainty in
          artificial intelligence},
          pages={452--461},
            year={2009},
              organization={AUAI Press}
}

@inproceedings{lee2013local,
    title={Local low-rank matrix approximation},
      author={Lee, Joonseok and Kim, Seungyeon and Lebanon, Guy and Singer,
        Yoram},
        booktitle={International Conference on Machine Learning},
          pages={82--90},
            year={2013}
}

@inproceedings{lee2014local,
    title={Local collaborative ranking},
      author={Lee, Joonseok and Bengio, Samy and Kim, Seungyeon and Lebanon, Guy
        and Singer, Yoram},
        booktitle={Proceedings of the 23rd international conference on World
          wide web},
          pages={85--96},
            year={2014},
              organization={ACM}
}

@inproceedings{chen2015wemarec,
    title={WEMAREC: Accurate and scalable recommendation through weighted and
      ensemble matrix approximation},
      author={Chen, Chao and Li, Dongsheng and Zhao, Yingying and Lv, Qin and
        Shang, Li},
        booktitle={Proceedings of the 38th international ACM SIGIR conference on
          research and development in information retrieval},
          pages={303--312},
            year={2015},
              organization={ACM}
}

@inproceedings{r44,
   author = {Chen, Harr and Karger, David R.},
   title = {Less is More: Probabilistic Models for Retrieving Fewer Relevant
      Documents},
   booktitle = {Proceedings of the 29th Annual International ACM SIGIR
       Conference on Research and Development in Information Retrieval},
   series = {SIGIR '06},
   year = {2006},
   isbn = {1-59593-369-7},
   location = {Seattle, Washington, USA},
   pages = {429--436},
   numpages = {8},
   url = {http://doi.acm.org/10.1145/1148170.1148245},
   doi = {10.1145/1148170.1148245},
   acmid = {1148245},
   publisher = {ACM},
   address = {New York, NY, USA},
   keywords = {formal models, information retrieval, machine
                   learning, subtopic retrieval},
} 

@inproceedings{r45,
   author = {Shi, Yue and Karatzoglou, Alexandros and Baltrunas, Linas and
     Larson, Martha and Oliver, Nuria and Hanjalic, Alan},
    title = {CLiMF: Learning to Maximize Reciprocal Rank with Collaborative
      Less-is-more Filtering},
     booktitle = {Proceedings of the Sixth ACM Conference on Recommender
       Systems},
      series = {RecSys '12},
       year = {2012},
        isbn = {978-1-4503-1270-7},
         location = {Dublin, Ireland},
          pages = {139--146},
           numpages = {8},
            url = {http://doi.acm.org/10.1145/2365952.2365981},
             doi = {10.1145/2365952.2365981},
              acmid = {2365981},
               publisher = {ACM},
                address = {New York, NY, USA},
                 keywords = {collaborative filtering, learning to rank, less is
                   more, matrix factorization, mean reciprocal rank},
} 

@article{r46,
    title={Maximum margin matrix factorization for collaborative ranking},
    author={Weimer, Markus and Karatzoglou, Alexandros and Le, Quoc Viet and
        Smola, Alex}
}

@article{r47,
    title={Direct optimization of ranking measures},
    author={Le, Quoc and Smola, Alexander},
    journal={arXiv preprint arXiv:0704.3359},
    year={2007}
}

@inproceedings{r48,
    title={Local collaborative ranking},
    author={Lee, Joonseok and Bengio, Samy and Kim, Seungyeon and Lebanon, Guy
        and Singer, Yoram},
    booktitle={Proceedings of the 23rd international conference on World
          wide web},
    pages={85--96},
    year={2014},
    organization={ACM}
}

@Article{r49,
  author="Cand{\`e}s, Emmanuel J.
    and Recht, Benjamin",
  title="Exact Matrix Completion via Convex Optimization",
  journal="Foundations of Computational Mathematics",
  year="2009",
  volume="9",
  number="6",
  pages="717--772",
  abstract="We consider a problem of considerable practical interest: the
    recovery of a data matrix from a sampling of its entries. Suppose that we
    observe m entries selected uniformly at random from a matrix M. Can we
    complete the matrix and recover the entries that we have not seen?",
  issn="1615-3383",
  doi="10.1007/s10208-009-9045-5",
  url="http://dx.doi.org/10.1007/s10208-009-9045-5"
}

@article{r50,
   author = {Elahi, Mehdi and Ricci, Francesco and Rubens, Neil},
    title = {Active Learning Strategies for Rating Elicitation in Collaborative
      Filtering: A System-wide Perspective},
     journal = {ACM Trans. Intell. Syst. Technol.},
      issue_date = {December 2013},
       volume = {5},
        number = {1},
         month = jan,
          year = {2014},
           issn = {2157-6904},
            pages = {13:1--13:33},
             articleno = {13},
              numpages = {33},
               url = {http://doi.acm.org/10.1145/2542182.2542195},
                doi = {10.1145/2542182.2542195},
                 acmid = {2542195},
                  publisher = {ACM},
                   address = {New York, NY, USA},
                    keywords = {Recommender systems, active learning, cold
                      start, rating elicitation},
} 

@inproceedings{r51,
   author = {Rashid, Al Mamunur and Albert, Istvan and Cosley, Dan and Lam,
     Shyong K. and McNee, Sean M. and Konstan, Joseph A. and Riedl, John},
    title = {Getting to Know You: Learning New User Preferences in Recommender
      Systems},
     booktitle = {Proceedings of the 7th International Conference on Intelligent
       User Interfaces},
      series = {IUI '02},
       year = {2002},
        isbn = {1-58113-459-2},
         location = {San Francisco, California, USA},
          pages = {127--134},
           numpages = {8},
            url = {http://doi.acm.org/10.1145/502716.502737},
             doi = {10.1145/502716.502737},
              acmid = {502737},
               publisher = {ACM},
                address = {New York, NY, USA},
                 keywords = {collaborative filtering, entropy, information
                   filtering, recommender systems, startup problem, user
                     modeling},
} 

@article{r52,
   author = {Rashid, Al Mamunur and Karypis, George and Riedl, John},
    title = {Learning Preferences of New Users in Recommender Systems: An
      Information Theoretic Approach},
     journal = {SIGKDD Explor. Newsl.},
      issue_date = {December 2008},
       volume = {10},
        number = {2},
         month = dec,
          year = {2008},
           issn = {1931-0145},
            pages = {90--100},
             numpages = {11},
              url = {http://doi.acm.org/10.1145/1540276.1540302},
               doi = {10.1145/1540276.1540302},
                acmid = {1540302},
                 publisher = {ACM},
                  address = {New York, NY, USA},
} 


@inproceedings{r53,
   author = {Chang, Shuo and Harper, F. Maxwell and Terveen, Loren},
    title = {Using Groups of Items for Preference Elicitation in Recommender
      Systems},
     booktitle = {Proceedings of the 18th ACM Conference on Computer Supported
       Cooperative Work \&\#38; Social Computing},
      series = {CSCW '15},
       year = {2015},
        isbn = {978-1-4503-2922-4},
         location = {Vancouver, BC, Canada},
          pages = {1258--1269},
           numpages = {12},
            url = {http://doi.acm.org/10.1145/2675133.2675210},
             doi = {10.1145/2675133.2675210},
              acmid = {2675210},
               publisher = {ACM},
                address = {New York, NY, USA},
                 keywords = {cold start problem, interaction design, recommender
                   system},
} 

@ARTICLE{r54, 
  author={Q. Liu and E. Chen and H. Xiong and Y. Ge and Z. Li and X. Wu}, 
  journal={IEEE Transactions on Knowledge and Data Engineering}, 
  title={A Cocktail Approach for Travel Package Recommendation}, 
  year={2014}, 
  volume={26}, 
  number={2}, 
  pages={278-293}, 
  keywords={data mining;information retrieval;recommender systems;travel
    industry;TAST model;TRAST model;cocktail approach;latent relationship;online
      travel information;personalized travel package recommendation;topic
      distribution;topic extraction;topic model
      representation;tourist-area-season topic;tourist-relation-area-season
      topic;Collaboration;Companies;Data models;Educational institutions;Feature
      extraction;Mathematical model;Recommender systems;Travel
      package;cocktail;collaborative filtering;recommender systems;topic
      modeling}, 
  doi={10.1109/TKDE.2012.233}, 
  ISSN={1041-4347}, 
  month={Feb},}


@inproceedings{aizenberg2012build,
    title={Build your own music recommender by modeling internet radio streams},
      author={Aizenberg, Natalie and Koren, Yehuda and Somekh, Oren},
        booktitle={Proceedings of the 21st international conference on World
          Wide Web},
          pages={1--10},
            year={2012},
              organization={ACM}
}


@inproceedings{interdonato2013versatile,
    title={A versatile graph-based approach to package recommendation},
      author={Interdonato, Roberto and Romeo, Salvatore and Tagarelli, Andrea
        and Karypis, George},
        booktitle={2013 IEEE 25th International Conference On Tools with
          Artificial Intelligence},
          pages={857--864},
            year={2013},
              organization={IEEE}
}


@inproceedings{moore2012learning,
    title={Learning to Embed Songs and Tags for Playlist Prediction.},
      author={Moore, Joshua L and Chen, Shuo and Joachims, Thorsten and
        Turnbull, Douglas},
        booktitle={ISMIR},
          pages={349--354},
            year={2012}
}


@inproceedings{r55,
   author = {Chen, Shuo and Moore, Josh L. and Turnbull, Douglas and Joachims,
     Thorsten},
    title = {Playlist Prediction via Metric Embedding},
     booktitle = {Proceedings of the 18th ACM SIGKDD International Conference on
       Knowledge Discovery and Data Mining},
      series = {KDD '12},
       year = {2012},
        isbn = {978-1-4503-1462-6},
         location = {Beijing, China},
          pages = {714--722},
           numpages = {9},
            url = {http://doi.acm.org/10.1145/2339530.2339643},
             doi = {10.1145/2339530.2339643},
              acmid = {2339643},
               publisher = {ACM},
                address = {New York, NY, USA},
                 keywords = {music playlists, recommendation, sequences, user
                   modeling},
} 

@inproceedings{r56,
   author = {Liu, Yidan and Xie, Min and Lakshmanan, Laks V.S.},
    title = {Recommending User Generated Item Lists},
     booktitle = {Proceedings of the 8th ACM Conference on Recommender Systems},
      series = {RecSys '14},
       year = {2014},
        isbn = {978-1-4503-2668-1},
         location = {Foster City, Silicon Valley, California, USA},
          pages = {185--192},
           numpages = {8},
            url = {http://doi.acm.org/10.1145/2645710.2645750},
             doi = {10.1145/2645710.2645750},
              acmid = {2645750},
               publisher = {ACM},
                address = {New York, NY, USA},
                 keywords = {collaborative filtering, list recommendation},
}


@inproceedings{r57,
   author = {Rendle, Steffen and Schmidt-Thieme, Lars},
    title = {Pairwise Interaction Tensor Factorization for Personalized Tag
      Recommendation},
     booktitle = {Proceedings of the Third ACM International Conference on Web
       Search and Data Mining},
      series = {WSDM '10},
       year = {2010},
        isbn = {978-1-60558-889-6},
         location = {New York, New York, USA},
          pages = {81--90},
           numpages = {10},
            url = {http://doi.acm.org/10.1145/1718487.1718498},
             doi = {10.1145/1718487.1718498},
              acmid = {1718498},
               publisher = {ACM},
                address = {New York, NY, USA},
                 keywords = {personalization, recommender systems, tag
                   recommendation, tensor factorization},
} 

@inproceedings{gantner10,
    title={Learning attribute-to-feature mappings for cold-start
      recommendations},
      author={Gantner, Zeno and Drumond, Lucas and Freudenthaler, Christoph and
        Rendle, Steffen and Schmidt-Thieme, Lars},
        booktitle={Data Mining (ICDM), 2010 IEEE 10th International Conference
          on},
          pages={176--185},
            year={2010},
              organization={IEEE}
}

@inproceedings{xie2010breaking,
    title={Breaking out of the box of recommendations: from items to packages},
      author={Xie, Min and Lakshmanan, Laks VS and Wood, Peter T},
        booktitle={Proceedings of the fourth ACM conference on Recommender
          systems},
          pages={151--158},
            year={2010},
              organization={ACM}
}

@article{koren2009matrix,
    title={Matrix factorization techniques for recommender systems},
      author={Koren, Yehuda and Bell, Robert and Volinsky, Chris and others},
        journal={Computer},
          volume={42},
            number={8},
              pages={30--37},
                year={2009},
                  publisher={Institute of Electrical and Electronics Engineers,
                    Inc., 3 Park Avenue, 17 th Fl New York NY 10016-5997 United
                      States}
}

@inproceedings{liu2011personalized,
    title={Personalized travel package recommendation},
      author={Liu, Qi and Ge, Yong and Li, Zhongmou and Chen, Enhong and Xiong,
        Hui},
        booktitle={2011 IEEE 11th International Conference on Data Mining},
          pages={407--416},
            year={2011},
              organization={IEEE}
}


@inproceedings{xie2011comprec,
    title={Comprec-trip: A composite recommendation system for travel planning},
      author={Xie, Min and Lakshmanan, Laks VS and Wood, Peter T},
        booktitle={Data Engineering (ICDE), 2011 IEEE 27th International
          Conference on},
          pages={1352--1355},
            year={2011},
              organization={IEEE}
}


@inproceedings{drenner2008crafting,
    title={Crafting the initial user experience to achieve community goals},
      author={Drenner, Sara and Sen, Shilad and Terveen, Loren},
        booktitle={Proceedings of the 2008 ACM conference on Recommender
          systems},
          pages={187--194},
            year={2008},
              organization={ACM}
}


@inproceedings{Rashid02IUI,
   author = {Rashid, Al Mamunur and Albert, Istvan and Cosley, Dan and Lam,
     Shyong K. and McNee, Sean M. and Konstan, Joseph A. and Riedl, John},
    title = {Getting to Know You: Learning New User Preferences in Recommender
      Systems},
     booktitle = {Proceedings of the 7th International Conference on Intelligent
       User Interfaces},
      series = {IUI '02},
       year = {2002},
        isbn = {1-58113-459-2},
         location = {San Francisco, California, USA},
          pages = {127--134},
           numpages = {8},
            url = {http://doi.acm.org/10.1145/502716.502737},
             doi = {10.1145/502716.502737},
              acmid = {502737},
               publisher = {ACM},
                address = {New York, NY, USA},
                 keywords = {collaborative filtering, entropy, information
                   filtering, recommender systems, startup problem, user
                     modeling},
} 


@inproceedings{Viappiani07iRecsys,
   author = {Viappiani, Paolo and Pu, Pearl and Faltings, Boi},
    title = {Conversational Recommenders with Adaptive Suggestions},
     booktitle = {Proceedings of the 2007 ACM Conference on Recommender
       Systems},
      series = {RecSys '07},
       year = {2007},
        isbn = {978-1-59593-730--8},
         location = {Minneapolis, MN, USA},
          pages = {89--96},
           numpages = {8},
            url = {http://doi.acm.org/10.1145/1297231.1297246},
             doi = {10.1145/1297231.1297246},
              acmid = {1297246},
               publisher = {ACM},
                address = {New York, NY, USA},
                 keywords = {example-critiquing interfaces, personalized search,
                   recommender systems},
} 


@inproceedings{BenouaretRecsys16,
   author = {Benouaret, Idir and Lenne, Dominique},
    title = {A Package Recommendation Framework for Trip Planning Activities},
     booktitle = {Proceedings of the 10th ACM Conference on Recommender
       Systems},
      series = {RecSys '16},
       year = {2016},
        isbn = {978-1-4503-4035-9},
         location = {Boston, Massachusetts, USA},
          pages = {203--206},
           numpages = {4},
            url = {http://doi.acm.org/10.1145/2959100.2959183},
             doi = {10.1145/2959100.2959183},
              acmid = {2959183},
               publisher = {ACM},
                address = {New York, NY, USA},
                 keywords = {diversity, package, recommender system, top-k, trip
                   planning},
} 


@book{boyd2004convex,
    title={Convex optimization},
      author={Boyd, Stephen and Vandenberghe, Lieven},
        year={2004},
          publisher={Cambridge university press}
}

@article{harper2016movielens,
    title={The movielens datasets: History and context},
      author={Harper, F Maxwell and Konstan, Joseph A},
        journal={ACM Transactions on Interactive Intelligent Systems (TiiS)},
          volume={5},
            number={4},
              pages={19},
                year={2016},
                  publisher={ACM}
}

@inproceedings{zhou2008large,
    title={Large-scale parallel collaborative filtering for the netflix prize},
      author={Zhou, Yunhong and Wilkinson, Dennis and Schreiber, Robert and Pan,
        Rong},
        booktitle={International Conference on Algorithmic Applications in
          Management},
          pages={337--348},
            year={2008},
              organization={Springer}
}

@inproceedings{yu2012scalable,
    title={Scalable coordinate descent approaches to parallel matrix
      factorization for recommender systems},
      author={Yu, Hsiang-Fu and Hsieh, Cho-Jui and Si, Si and Dhillon,
        Inderjit},
        booktitle={Data Mining (ICDM), 2012 IEEE 12th International Conference
          on},
          pages={765--774},
            year={2012},
              organization={IEEE}
}



@inproceedings{gemulla2011large,
    title={Large-scale matrix factorization with distributed stochastic gradient
      descent},
      author={Gemulla, Rainer and Nijkamp, Erik and Haas, Peter J and Sismanis,
        Yannis},
        booktitle={Proceedings of the 17th ACM SIGKDD international conference
          on Knowledge discovery and data mining},
          pages={69--77},
            year={2011},
              organization={ACM}
}

@article{recht2013parallel,
    title={Parallel stochastic gradient algorithms for large-scale matrix
      completion},
      author={Recht, Benjamin and R{\'e}, Christopher},
        journal={Mathematical Programming Computation},
          volume={5},
            number={2},
              pages={201--226},
                year={2013},
                  publisher={Springer}
}


@inproceedings{recht2011hogwild,
    title={Hogwild: A lock-free approach to parallelizing stochastic gradient
      descent},
      author={Recht, Benjamin and Re, Christopher and Wright, Stephen and Niu,
        Feng},
        booktitle={Advances in Neural Information Processing Systems},
          pages={693--701},
            year={2011}
}


@article{hart1992nonintrusive,
    title={Nonintrusive appliance load monitoring},
      author={Hart, George William},
        journal={Proceedings of the IEEE},
          volume={80},
            number={12},
              pages={1870--1891},
                year={1992},
                  publisher={IEEE}
}

@article{froehlich2011disaggregated,
    title={Disaggregated end-use energy sensing for the smart grid},
      author={Froehlich, Jon and Larson, Eric and Gupta, Sidhant and Cohn, Gabe
        and Reynolds, Matthew and Patel, Shwetak},
        journal={IEEE Pervasive Computing},
          volume={10},
            number={1},
              pages={28--39},
                year={2011},
                  publisher={IEEE}
}

@article{darby2006effectiveness,
    title={The effectiveness of feedback on energy consumption},
      author={Darby, Sarah and others},
        journal={A Review for DEFRA of the Literature on Metering, Billing and
          direct Displays},
          volume={486},
            number={2006},
              year={2006}
}

@inproceedings{adomavicius2011recommender,
    title={Recommender systems, consumer preferences, and anchoring effects},
      author={Adomavicius, Gediminas and Bockstedt, Jesse and Curley, Shawn and
        Zhang, Jingjing},
        booktitle={RecSys 2011 Workshop on Human Decision Making in Recommender
          Systems},
          pages={35--42},
            year={2011}
}

@inproceedings{bellogin2014magic,
    title={The magic barrier of recommender systems--no magic, just ratings},
      author={Bellog{\'\i}n, Alejandro and Said, Alan and de Vries, Arjen P},
        booktitle={International Conference on User Modeling, Adaptation, and
          Personalization},
          pages={25--36},
            year={2014},
              organization={Springer}
}


@inproceedings{cosley2003seeing,
    title={Is seeing believing?: how recommender system interfaces affect users'
      opinions},
      author={Cosley, Dan and Lam, Shyong K and Albert, Istvan and Konstan,
        Joseph A and Riedl, John},
        booktitle={Proceedings of the SIGCHI conference on Human factors in
          computing systems},
          pages={585--592},
            year={2003},
              organization={ACM}
}


@inproceedings{nguyen2013rating,
    title={Rating support interfaces to improve user experience and recommender
      accuracy},
      author={Nguyen, Tien T and Kluver, Daniel and Wang, Ting-Yu and Hui,
        Pik-Mai and Ekstrand, Michael D and Willemsen, Martijn C and Riedl,
        John},
        booktitle={Proceedings of the 7th ACM conference on Recommender
          systems},
          pages={149--156},
            year={2013},
              organization={ACM}
}



@article{Winoto2010RUM,
   author = {Winoto, Pinata and Tang, Tiffany Y.},
    title = {The Role of User Mood in Movie Recommendations},
     journal = {Expert Syst. Appl.},
      issue_date = {August, 2010},
       volume = {37},
        number = {8},
         month = aug,
          year = {2010},
           issn = {0957-4174},
            pages = {6086--6092},
             numpages = {7},
              url = {http://dx.doi.org/10.1016/j.eswa.2010.02.117},
               doi = {10.1016/j.eswa.2010.02.117},
                acmid = {1786888},
                 publisher = {Pergamon Press, Inc.},
                  address = {Tarrytown, NY, USA},
                   keywords = {Mood, Movie, Recommender system},
} 


@inproceedings{bollen2012remembering,
    title={Remembering the stars?: effect of time on preference retrieval from
      memory},
      author={Bollen, Dirk and Graus, Mark and Willemsen, Martijn C},
        booktitle={Proceedings of the sixth ACM conference on Recommender
          systems},
          pages={217--220},
            year={2012},
              organization={ACM}
}




@inproceedings{CremonesiKoren10,
   author = {Cremonesi, Paolo and Koren, Yehuda and Turrin, Roberto},
   title = {Performance of Recommender Algorithms on Top-n Recommendation
      Tasks},
   booktitle = {Proceedings of the Fourth ACM Conference on Recommender
       Systems},
   series = {RecSys '10},
   year = {2010},
   isbn = {978-1-60558-906-0},
   location = {Barcelona, Spain},
   pages = {39--46},
   numpages = {8},
   url = {http://doi.acm.org/10.1145/1864708.1864721},
   doi = {10.1145/1864708.1864721},
   acmid = {1864721},
   publisher = {ACM},
   address = {New York, NY, USA},
   keywords = {evaluation, precision, recall, top-n recommendations},
} 


@article{BenRecht2011,
   author = {Recht, Benjamin},
    title = {A Simpler Approach to Matrix Completion},
     journal = {J. Mach. Learn. Res.},
      issue_date = {2/1/2011},
       volume = {12},
        month = dec,
         year = {2011},
          issn = {1532-4435},
           pages = {3413--3430},
            numpages = {18},
             url = {http://dl.acm.org/citation.cfm?id=1953048.2185803},
              acmid = {2185803},
               publisher = {JMLR.org},
} 

@article{Keshavan09,
    author    = {Raghunandan H. Keshavan and
                     Sewoong Oh and
                                      Andrea Montanari},
      title     = {Matrix Completion from a Few Entries},
        journal   = {CoRR},
          volume    = {abs/0901.3150},
            year      = {2009},
              url       = {http://arxiv.org/abs/0901.3150},
                timestamp = {Mon, 05 Dec 2011 18:05:24 +0100},
                  biburl    =
                  {http://dblp.uni-trier.de/rec/bib/journals/corr/abs-0901-3150},
                    bibsource = {dblp computer science bibliography,
                      http://dblp.org}
}


@article{Gross09,
    author    = {David Gross},
      title     = {Recovering low-rank matrices from few coefficients in any
        basis},
        journal   = {CoRR},
          volume    = {abs/0910.1879},
            year      = {2009},
              url       = {http://arxiv.org/abs/0910.1879},
                timestamp = {Mon, 05 Dec 2011 18:05:24 +0100},
                  biburl    =
                  {http://dblp.uni-trier.de/rec/bib/journals/corr/abs-0910-1879},
                    bibsource = {dblp computer science bibliography,
                      http://dblp.org}
}



@article{Negahban10,
    author    = {Sahand Negahban and
                     Martin J. Wainwright},
      title     = {Restricted strong convexity and weighted matrix completion:
        Optimal
                         bounds with noise},
        journal   = {CoRR},
          volume    = {abs/1009.2118},
            year      = {2010},
              url       = {http://arxiv.org/abs/1009.2118},
                timestamp = {Mon, 05 Dec 2011 18:05:25 +0100},
                  biburl    =
                  {http://dblp.uni-trier.de/rec/bib/journals/corr/abs-1009-2118},
                    bibsource = {dblp computer science bibliography,
                      http://dblp.org}
}




@inproceedings{yu2012scalable,
    title={Scalable coordinate descent approaches to parallel matrix
      factorization for recommender systems},
      author={Yu, Hsiang-Fu and Hsieh, Cho-Jui and Si, Si and Dhillon,
        Inderjit},
        booktitle={2012 IEEE 12th International Conference on Data Mining},
          pages={765--774},
            year={2012},
              organization={IEEE}
}

@inproceedings{billsus99,
 author = {Billsus, Daniel and Pazzani, Michael J.},
 title = {A hybrid user model for news story classification},
 booktitle = {Proceedings of the seventh international conference on User modeling},
 year = {1999},
 pages = {99--108},
 numpages = {10},
}

@inproceedings{rodriguez01,
 author = {Rodr\'{\i}guez, Manuel de Buenaga and L\'{o}pez, Manuel J. Ma\~{n}a and Esteban, Alberto D\'{\i}az and G\'{o}mez-Navarro, Pablo Gerv\'{a}s},
 title = {A User Model Based on Content Analysis for the Intelligent Personalization of a News Service},
 booktitle = {Proceedings of the 8th International Conference on User Modeling 2001},
 series = {UM '01},
 year = {2001},
 isbn = {3-540-42325-7},
 pages = {216--218},
 numpages = {3},
 url = {http://dl.acm.org/citation.cfm?id=647664.733412},
 acmid = {733412},
 publisher = {Springer-Verlag},
 address = {London, UK, UK},
}


@inproceedings{banos06,
 author = {Banos, E. and Katakis, I. and Bassiliades, N. and Tsoumakas, G. and Vlahavas, I.},
 title = {PersoNews: a personalized news reader enhanced by machine learning and semantic filtering},
 booktitle = {Proceedings of the 2006 Confederated international conference on On the Move to Meaningful Internet Systems: CoopIS, DOA, GADA, and ODBASE - Volume Part I},
 series = {ODBASE'06/OTM'06},
 year = {2006},
 isbn = {3-540-48287-3, 978-3-540-48287-1},
 location = {Montpellier, France},
 pages = {975--982},
 numpages = {8},
 url = {http://dx.doi.org/10.1007/11914853_62},
 doi = {10.1007/11914853_62},
 acmid = {2149800},
 publisher = {Springer-Verlag},
 address = {Berlin, Heidelberg},
}


 
@inproceedings{rendle09,
 author = {Rendle, Steffen and Freudenthaler, Christoph and Gantner, Zeno and Schmidt-Thieme, Lars},
 title = {BPR: Bayesian personalized ranking from implicit feedback},
 booktitle = {Proceedings of the Twenty-Fifth Conference on Uncertainty in Artificial Intelligence},
 series = {UAI '09},
 year = {2009},
 isbn = {978-0-9749039-5-8},
 location = {Montreal, Quebec, Canada},
 pages = {452--461},
 numpages = {10},
 url = {http://dl.acm.org/citation.cfm?id=1795114.1795167},
 acmid = {1795167},
 publisher = {AUAI Press},
 address = {Arlington, Virginia, United States},
} 


@inproceedings{zhangrecsys11,
 author = {Zhang, Liang and Agarwal, Deepak and Chen, Bee-Chung},
 title = {Generalizing matrix factorization through flexible regression priors},
 booktitle = {Proceedings of the fifth ACM conference on Recommender systems},
 series = {RecSys '11},
 year = {2011},
 isbn = {978-1-4503-0683-6},
 location = {Chicago, Illinois, USA},
 pages = {13--20},
 numpages = {8},
 url = {http://doi.acm.org/10.1145/2043932.2043940},
 doi = {10.1145/2043932.2043940},
 acmid = {2043940},
 publisher = {ACM},
 address = {New York, NY, USA},
 keywords = {latent factor, matrix factorization, recommender systems, regression priors, tree models},
}


@article{tucker66,
  year={1966},
  issn={0033-3123},
  journal={Psychometrika},
  volume={31},
  number={3},
  doi={10.1007/BF02289464},
  title={Some mathematical notes on three-mode factor analysis},
  url={http://dx.doi.org/10.1007/BF02289464},
  publisher={Springer-Verlag},
  author={Tucker, LedyardR},
  pages={279-311},
  language={English}
}

@article{tenenbaum00,
  author = {Tenenbaum, Joshua B. and Freeman, William T.},
  title = {Separating Style and Content with Bilinear Models},
  journal = {Neural Comput.},
  issue_date = {June 2000},
  volume = {12},
  number = {6},
  month = jun,
  year = {2000},
  issn = {0899-7667},
  pages = {1247--1283},
  numpages = {37},
  url = {http://dx.doi.org/10.1162/089976600300015349},
  doi = {10.1162/089976600300015349},
  acmid = {1121518},
  publisher = {MIT Press},
  address = {Cambridge, MA, USA},
}

@article{wu13jmlr,
  author = {Wu, Wei and Lu, Zhengdong and Li, Hang},
  title = {Learning Bilinear Model for Matching Queries and Documents},
  journal = {J. Mach. Learn. Res.},
  issue_date = {January 2013},
  volume = {14},
  number = {1},
  month = jan,
  year = {2013},
  issn = {1532-4435},
  pages = {2519--2548},
  numpages = {30},
  url = {http://dl.acm.org/citation.cfm?id=2567709.2567742},
  acmid = {2567742},
  publisher = {JMLR.org},
  keywords = {generalization analysis, partial least squares, regularized mapping to latent structures, web search},
}


@INPROCEEDINGS{sun06kdd,
 author = {Jimeng Sun and Dacheng Tao and Christos Faloutsos},
 title = {Beyond streams and graphs: Dynamic tensor analysis},
 booktitle = {In KDD},
 year = {2006},
 pages = {374--383}
}


@inproceedings{park09recsys,
  author = {Park, Seung-Taek and Chu, Wei},
  title = {Pairwise Preference Regression for Cold-start Recommendation},
  booktitle = {Proceedings of the Third ACM Conference on Recommender Systems},
  series = {RecSys '09},
  year = {2009},
  isbn = {978-1-60558-435-5},
  location = {New York, New York, USA},
  pages = {21--28},
  numpages = {8},
  url = {http://doi.acm.org/10.1145/1639714.1639720},
  doi = {10.1145/1639714.1639720},
  acmid = {1639720},
  publisher = {ACM},
  address = {New York, NY, USA},
  keywords = {cold-start problems, normalized discounted cumulative gain, ranking, recommender system, user and item features},
}



@inproceedings{chang15cscw,
   author = {Chang, Shuo and Harper, F. Maxwell and Terveen, Loren},
    title = {Using Groups of Items for Preference Elicitation in Recommender
      Systems},
     booktitle = {Proceedings of the 18th ACM Conference on Computer Supported
       Cooperative Work \&\#38; Social Computing},
      series = {CSCW '15},
       year = {2015},
        isbn = {978-1-4503-2922-4},
         location = {Vancouver, BC, Canada},
          pages = {1258--1269},
           numpages = {12},
            url = {http://doi.acm.org/10.1145/2675133.2675210},
             doi = {10.1145/2675133.2675210},
              acmid = {2675210},
               publisher = {ACM},
                address = {New York, NY, USA},
                 keywords = {cold start problem, interaction design, recommender
                   system},
} 

@ARTICLE{liu14tkde, 
  author={Q. Liu and E. Chen and H. Xiong and Y. Ge and Z. Li and X. Wu}, 
  journal={IEEE Transactions on Knowledge and Data Engineering}, 
  title={A Cocktail Approach for Travel Package Recommendation}, 
  year={2014}, 
  volume={26}, 
  number={2}, 
  pages={278-293}, 
  keywords={data mining;information retrieval;recommender systems;travel
    industry;TAST model;TRAST model;cocktail approach;latent relationship;online
      travel information;personalized travel package recommendation;topic
      distribution;topic extraction;topic model
      representation;tourist-area-season topic;tourist-relation-area-season
      topic;Collaboration;Companies;Data models;Educational institutions;Feature
      extraction;Mathematical model;Recommender systems;Travel
      package;cocktail;collaborative filtering;recommender systems;topic
      modeling}, 
  doi={10.1109/TKDE.2012.233}, 
  ISSN={1041-4347}, 
  month={Feb},}

@inproceedings{chen12kdd,
   author = {Chen, Shuo and Moore, Josh L. and Turnbull, Douglas and Joachims,
     Thorsten},
    title = {Playlist Prediction via Metric Embedding},
     booktitle = {Proceedings of the 18th ACM SIGKDD International Conference on
       Knowledge Discovery and Data Mining},
      series = {KDD '12},
       year = {2012},
        isbn = {978-1-4503-1462-6},
         location = {Beijing, China},
          pages = {714--722},
           numpages = {9},
            url = {http://doi.acm.org/10.1145/2339530.2339643},
             doi = {10.1145/2339530.2339643},
              acmid = {2339643},
               publisher = {ACM},
                address = {New York, NY, USA},
                 keywords = {music playlists, recommendation, sequences, user
                   modeling},
} 

@inproceedings{liu14recsys,
   author = {Liu, Yidan and Xie, Min and Lakshmanan, Laks V.S.},
    title = {Recommending User Generated Item Lists},
     booktitle = {Proceedings of the 8th ACM Conference on Recommender Systems},
      series = {RecSys '14},
       year = {2014},
        isbn = {978-1-4503-2668-1},
         location = {Foster City, Silicon Valley, California, USA},
          pages = {185--192},
           numpages = {8},
            url = {http://doi.acm.org/10.1145/2645710.2645750},
             doi = {10.1145/2645710.2645750},
              acmid = {2645750},
               publisher = {ACM},
                address = {New York, NY, USA},
                 keywords = {collaborative filtering, list recommendation},
}

@inproceedings{rendle2010factorization,
    title={Factorization machines},
      author={Rendle, Steffen},
        booktitle={2010 IEEE International Conference on Data Mining},
          pages={995--1000},
            year={2010},
              organization={IEEE}
}
 



@article{sweeney2002k,
    title={k-anonymity: A model for protecting privacy},
      author={Sweeney, Latanya},
        journal={International Journal of Uncertainty, Fuzziness and
          Knowledge-Based Systems},
          volume={10},
            number={05},
              pages={557--570},
                year={2002},
                  publisher={World Scientific}
}

@article{polat2003privacy,
    title={Privacy-preserving collaborative filtering using randomized
      perturbation techniques},
      author={Polat, Huseyin and Du, Wenliang},
        year={2003}
}

@inproceedings{polat2006achieving,
    title={Achieving private recommendations using randomized response
      techniques},
      author={Polat, Huseyin and Du, Wenliang},
        booktitle={Pacific-Asia Conference on Knowledge Discovery and Data
          Mining},
          pages={637--646},
            year={2006},
              organization={Springer}
}

@article{berkovsky2012impact,
    title={The impact of data obfuscation on the accuracy of collaborative
      filtering},
      author={Berkovsky, Shlomo and Kuflik, Tsvi and Ricci, Francesco},
        journal={Expert Systems with Applications},
          volume={39},
            number={5},
              pages={5033--5042},
                year={2012},
                  publisher={Elsevier}
}

@inproceedings{hancock2004deception,
    title={Deception and design: The impact of communication technology on lying
      behavior},
      author={Hancock, Jeffrey T and Thom-Santelli, Jennifer and Ritchie,
        Thompson},
        booktitle={Proceedings of the SIGCHI conference on Human factors in
          computing systems},
          pages={129--134},
            year={2004},
              organization={ACM}
}

@inproceedings{sharma2015feature,
    title={Feature-based factorized bilinear similarity model for cold-start
      top-n item recommendation},
      author={Sharma, Mohit and Zhou, Jiayu and Hu, Junling and Karypis,
        George},
        booktitle={Proceedings of the 15th SIAM International Conference on Data
          Mining, SDM},
          volume={15},
            pages={190--198},
              year={2015},
                organization={SIAM}
}



@inproceedings{mikolov2013distributed,
  title={Distributed representations of words and phrases and their compositionality},
  author={Mikolov, Tomas and Sutskever, Ilya and Chen, Kai and Corrado, Greg S and Dean, Jeff},
  booktitle={Advances in neural information processing systems},
  pages={3111--3119},
  year={2013}
}

@incollection{pazzani2007content,
  title={Content-based recommendation systems},
  author={Pazzani, Michael J and Billsus, Daniel},
  booktitle={The adaptive web},
  pages={325--341},
  year={2007},
  publisher={Springer}
}

@incollection{lops2011content,
  title={Content-based recommender systems: State of the art and trends},
  author={Lops, Pasquale and De Gemmis, Marco and Semeraro, Giovanni},
  booktitle={Recommender systems handbook},
  pages={73--105},
  year={2011},
  publisher={Springer}
}

@inproceedings{herlocker1999algorithmic,
  title={An algorithmic framework for performing collaborative filtering},
  author={Herlocker, Jonathan L and Konstan, Joseph A and Borchers, Al and Riedl, John},
  booktitle={Proceedings of the 22nd annual international ACM SIGIR conference on Research and development in information retrieval},
  pages={230--237},
  year={1999},
  organization={ACM}
}

@article{konstan1997grouplens,
  title={GroupLens: applying collaborative filtering to Usenet news},
  author={Konstan, Joseph A and Miller, Bradley N and Maltz, David and Herlocker, Jonathan L and Gordon, Lee R and Riedl, John},
  journal={Communications of the ACM},
  volume={40},
  number={3},
  pages={77--87},
  year={1997},
  publisher={ACM}
}

@inproceedings{shardanand1995social,
  title={Social information filtering: algorithms for automating “word of mouth”},
  author={Shardanand, Upendra and Maes, Pattie},
  booktitle={Proceedings of the SIGCHI conference on Human factors in computing systems},
  pages={210--217},
  year={1995},
  organization={ACM Press/Addison-Wesley Publishing Co.}
}


@article{deshpande2004item,
  title={Item-based top-n recommendation algorithms},
  author={Deshpande, Mukund and Karypis, George},
  journal={ACM Transactions on Information Systems (TOIS)},
  volume={22},
  number={1},
  pages={143--177},
  year={2004},
  publisher={ACM}
}



